@article{bar2013computationally,
  title={Computationally tractable pairwise complexity profile},
  author={Bar-Yam, Yavni and Harmon, Dion and Bar-Yam, Yaneer},
  journal={Complexity},
  volume={18},
  number={5},
  pages={20--27},
  year={2013},
  publisher={Wiley Online Library}
}
@article{langton1990computation,
  title={Computation at the edge of chaos: phase transitions and emergent computation},
  author={Langton, Chris G},
  journal={Physica D: Nonlinear Phenomena},
  volume={42},
  number={1-3},
  pages={12--37},
  year={1990},
  publisher={Elsevier}
}
@article{quax2017quantifying,
  title={Quantifying synergistic information using intermediate stochastic variables},
  author={Quax, Rick and Har-Shemesh, Omri and Sloot, Peter},
  journal={Entropy},
  volume={19},
  number={2},
  pages={85},
  year={2017},
  publisher={Multidisciplinary Digital Publishing Institute}
}
@article{peixoto2012emergence,
  title={Emergence of robustness against noise: A structural phase transition in evolved models of gene regulatory networks},
  author={Peixoto, Tiago P},
  journal={Physical Review E},
  volume={85},
  number={4},
  pages={041908},
  year={2012},
  publisher={APS}
}
@article{9999QuaxChli,
  title={Information processing features can detect behavioral regimes of dynamical systems Methods Model of dynamical systems},
  author = {Quax, Rick and Chliamovitch, Gregor and Dupuis, Alexandre and Falcone, Jean-luc and Hoekstra, Alfons G and Sloot, Peter M A},
  pages = {1--21}
}
@article{ingram2006network,
  title={Network motifs: structure does not determine function},
  author={Ingram, Piers J and Stumpf, Michael PH and Stark, Jaroslav},
  journal={BMC genomics},
  volume={7},
  number={1},
  pages={108},
  year={2006},
  publisher={BioMed Central}
}
@article{kraskov2004estimating,
  title={Estimating mutual information},
  author={Kraskov, Alexander and St{\"o}gbauer, Harald and Grassberger, Peter},
  journal={Physical review E},
  volume={69},
  number={6},
  pages={066138},
  year={2004},
  publisher={APS}
}
@article{kullback1951information,
  title={On information and sufficiency},
  author={Kullback, Solomon and Leibler, Richard A},
  journal={The annals of mathematical statistics},
  volume={22},
  number={1},
  pages={79--86},
  year={1951},
  publisher={JSTOR}
}
@article{wang2009divergence,
  title={Divergence estimation for multidimensional densities via $ k $-nearest-neighbor distances},
  author={Wang, Qing and Kulkarni, Sanjeev R and Verd{\'u}, Sergio},
  journal={IEEE Transactions on Information Theory},
  volume={55},
  number={5},
  pages={2392--2405},
  year={2009},
  publisher={IEEE}
}
@misc{versteeg2013NPEET,
  author = {Ver Steeg, G},
  title = {Non-Parametric Entropy Estimation Toolbox (NPEET)},
  version = {1.1},
  year = {2013},
  publisher = {GitHub},
  journal = {GitHub repository},
  howpublished = {\url{https://github.com/gregversteeg/NPEET}},
  commit = {24ed9dd810c35a28ca4748d19f72ee19a9e00e6a}
}
@article{williams2010nonnegative,
  title={Nonnegative decomposition of multivariate information},
  author={Williams, Paul L and Beer, Randall D},
  journal={arXiv preprint arXiv:1004.2515},
  year={2010}
}
@article{mcgill1954multivariate,
  title={Multivariate information transmission},
  author={McGill, William J},
  journal={Psychometrika},
  volume={19},
  number={2},
  pages={97--116},
  year={1954},
  publisher={Springer}
}
@article{watanabe1960information,
  title={Information theoretical analysis of multivariate correlation},
  author={Watanabe, Satosi},
  journal={IBM Journal of research and development},
  volume={4},
  number={1},
  pages={66--82},
  year={1960},
  publisher={IBM}
}
@article{shannon1949mathematical,
  title={The mathematical theory of communication},
  author={Shannon, Claude E and Weaver, Warren},
  year={1949},
  publisher={University of Illinois press}
}
@article{ulanowicz2001information,
  title={Information theory in ecology},
  author={Ulanowicz, Robert E},
  journal={Computers \& chemistry},
  volume={25},
  number={4},
  pages={393--399},
  year={2001},
  publisher={Elsevier}
}
@article{ulanowicz2009quantifying,
  title={Quantifying sustainability: resilience, efficiency and the return of information theory},
  author={Ulanowicz, Robert E and Goerner, Sally J and Lietaer, Bernard and Gomez, Rocio},
  journal={Ecological complexity},
  volume={6},
  number={1},
  pages={27--36},
  year={2009},
  publisher={Elsevier}
}
@article{marquet2014theory,
  title={On theory in ecology},
  author={Marquet, Pablo A and Allen, Andrew P and Brown, James H and Dunne, Jennifer A and Enquist, Brian J and Gillooly, James F and Gowaty, Patricia A and Green, Jessica L and Harte, John and Hubbell, Steve P and others},
  journal={BioScience},
  volume={64},
  number={8},
  pages={701--710},
  year={2014},
  publisher={Oxford University Press}
}
@article{phillips2006maximum,
  title={Maximum entropy modeling of species geographic distributions},
  author={Phillips, Steven J and Anderson, Robert P and Schapire, Robert E},
  journal={Ecological modelling},
  volume={190},
  number={3},
  pages={231--259},
  year={2006},
  publisher={Elsevier}
}
@misc{QuaxPersonal,
  author = {Quax, Rick},
  date = {2017},
  howpublished = {Personal communication}
}
@article{kondoh2003foraging,
  title={Foraging adaptation and the relationship between food-web complexity and stability},
  author={Kondoh, Michio},
  journal={Science},
  volume={299},
  number={5611},
  pages={1388--1391},
  year={2003},
  publisher={American Association for the Advancement of Science}
}
@article{pimm1984complexity,
  title={The complexity and stability of ecosystems},
  author={Pimm, Stuart L},
  journal={Nature},
  volume={307},
  number={5949},
  pages={321--326},
  year={1984}
}
@article{macarthur1955fluctuations,
  title={Fluctuations of animal populations and a measure of community stability},
  author={MacArthur, Robert},
  journal={ecology},
  volume={36},
  number={3},
  pages={533--536},
  year={1955},
  publisher={Wiley Online Library}
}
@book{cover2012elements,
  title={Elements of information theory},
  author={Cover, Thomas M and Thomas, Joy A},
  year={2012},
  publisher={John Wiley \& Sons}
}
@article{harder2013bivariate,
  title={Bivariate measure of redundant information},
  author={Harder, Malte and Salge, Christoph and Polani, Daniel},
  journal={Physical Review E},
  volume={87},
  number={1},
  pages={012130},
  year={2013},
  publisher={APS}
}
@article{tononi1999measures,
  title={Measures of degeneracy and redundancy in biological networks},
  author={Tononi, Giulio and Sporns, Olaf and Edelman, Gerald M},
  journal={Proceedings of the National Academy of Sciences},
  volume={96},
  number={6},
  pages={3257--3262},
  year={1999},
  publisher={National Acad Sciences}
}
@article{bar2004multiscale,
  title={Multiscale complexity/entropy},
  author={Bar-Yam, Yaneer},
  journal={Advances in Complex Systems},
  volume={7},
  number={01},
  pages={47--63},
  year={2004},
  publisher={World Scientific}
}
@article{arbona2014statistical,
  title={Statistical complexity measures as telltale of relevant scales in emergent dynamics of spatial systems},
  author={Arbona, A and Bona, C and Mi{\~n}ano, B and Plastino, A},
  journal={Physica A: Statistical Mechanics and its Applications},
  volume={410},
  pages={1--8},
  year={2014},
  publisher={Elsevier}
}
@article{olbrich2015information,
  title={Information decomposition and synergy},
  author={Olbrich, Eckehard and Bertschinger, Nils and Rauh, Johannes},
  journal={Entropy},
  volume={17},
  number={5},
  pages={3501--3517},
  year={2015},
  publisher={Multidisciplinary Digital Publishing Institute}
}
@inproceedings{lizier2013towards,
  title={Towards a synergy-based approach to measuring information modification},
  author={Lizier, Joseph T and Flecker, Benjamin and Williams, Paul L},
  booktitle={Artificial Life (ALIFE), 2013 IEEE Symposium on},
  pages={43--51},
  year={2013},
  organization={IEEE}
}
@book{fletcher2013practical,
  title={Practical methods of optimization},
  author={Fletcher, Roger},
  year={2013},
  publisher={John Wiley \& Sons}
}
@Misc{scipy,
  author =    {Eric Jones and Travis Oliphant and Pearu Peterson and others},
  title =     {{SciPy}: Open source scientific tools for {Python}},
  year =      {2001--},
  url = "http://www.scipy.org/",
  note = {[Online; accessed 2017-08-01]}
}
@techreport{networkx,
  title={Exploring network structure, dynamics, and function using NetworkX},
  author={Hagberg, Aric and Swart, Pieter and S Chult, Daniel},
  year={2008},
  institution={Los Alamos National Laboratory (LANL)}
}
%mainly for context
@inproceedings{gat1999synergy,
  title={Synergy and redundancy among brain cells of behaving monkeys},
  author={Gat, Itay and Tishby, Naftali},
  booktitle={Advances in neural information processing systems},
  pages={111--117},
  year={1999}
}
@article{liang2008gene,
  title={Gene regulatory network reconstruction using conditional mutual information},
  author={Liang, Kuo-Ching and Wang, Xiaodong},
  journal={EURASIP Journal on Bioinformatics and Systems Biology},
  volume={2008},
  number={1},
  pages={253894},
  year={2008},
  publisher={Springer}
}
@article{choi2001supply,
  title={Supply networks and complex adaptive systems: control versus emergence},
  author={Choi, Thomas Y and Dooley, Kevin J and Rungtusanatham, Manus},
  journal={Journal of operations management},
  volume={19},
  number={3},
  pages={351--366},
  year={2001},
  publisher={Elsevier}
}
@article{kondo2010reaction,
  title={Reaction-diffusion model as a framework for understanding biological pattern formation},
  author={Kondo, Shigeru and Miura, Takashi},
  journal={science},
  volume={329},
  number={5999},
  pages={1616--1620},
  year={2010},
  publisher={American Association for the Advancement of Science}
}
@techreport{griffith2011quantifying,
  title={Quantifying synergistic information remains an unsolved problem},
  author={Griffith, Virgil},
  year={2011}
}
@incollection{griffith2014quantifying,
  title={Quantifying synergistic mutual information},
  author={Griffith, Virgil and Koch, Christof},
  booktitle={Guided Self-Organization: Inception},
  pages={159--190},
  year={2014},
  publisher={Springer}
}
@article{bertschinger2014quantifying,
  title={Quantifying unique information},
  author={Bertschinger, Nils and Rauh, Johannes and Olbrich, Eckehard and Jost, J{\"u}rgen and Ay, Nihat},
  journal={Entropy},
  volume={16},
  number={4},
  pages={2161--2183},
  year={2014},
  publisher={Multidisciplinary Digital Publishing Institute}
}



% UNUSED BUT MAYBE INTERESTING
@article{ay2008information,
  title={Information flows in causal networks},
  author={Ay, Nihat and Polani, Daniel},
  journal={Advances in complex systems},
  volume={11},
  number={01},
  pages={17--41},
  year={2008},
  publisher={World Scientific}
} % information flows, related tot many relevant authors
@article{janzing2013quantifying,
  title={Quantifying causal influences},
  author={Janzing, Dominik and Balduzzi, David and Grosse-Wentrup, Moritz and Sch{\"o}lkopf, Bernhard},
  journal={The Annals of Statistics},
  pages={2324--2358},
  year={2013},
  publisher={JSTOR}
} % also information flows

